http://git-scm.com/book/en/Git-and-Other-Systems

@Misc{git-scm-ch8,
author =   {Scott Chacon and contributors},
title =    {Git-SCM Chapter 8: Git and Other Systems},
howpublished = {\url{http://git-scm.com/book/en/Git-and-Other-Systems}},
year = {2012--2014}
}